<?xml version="1.0" encoding="UTF-8"?><record xmlns="http://www.loc.gov/MARC21/slim" xmlns:cinclude="http://apache.org/cocoon/include/1.0" xmlns:zs="http://www.loc.gov/zing/srw/">
  <leader>00550nz  a2200157n  4500</leader>
  <controlfield tag="001">no2002108795</controlfield>
  <controlfield tag="003">DLC</controlfield>
  <controlfield tag="005">20021203071015.0</controlfield>
  <controlfield tag="008">021202n| acannaab           |a ana     c</controlfield>
  <datafield tag="010" ind1=" " ind2=" ">
    <subfield code="a">no2002108795</subfield>
  </datafield>
  <datafield tag="035" ind1=" " ind2=" ">
    <subfield code="a">(OCoLC)oca05923770</subfield>
  </datafield>
  <datafield tag="040" ind1=" " ind2=" ">
    <subfield code="a">PPi-MA</subfield>
    <subfield code="b">eng</subfield>
    <subfield code="c">PPi-MA</subfield>
  </datafield>
  <datafield tag="110" ind1="2" ind2=" ">
    <subfield code="a">Jubilados de Santiago de Cuba (Musical group)</subfield>
  </datafield>
  <datafield tag="410" ind1="2" ind2=" ">
    <subfield code="a">Jubilados (Musical group)</subfield>
  </datafield>
  <datafield tag="410" ind1="2" ind2=" ">
    <subfield code="a">Pensioners (Musical group)</subfield>
  </datafield>
  <datafield tag="670" ind1=" " ind2=" ">
    <subfield code="a">Bunnett, J. Alma de Santiago [SR] p2001:</subfield>
    <subfield code="b">container (los Jubilados de Santiago de Cuba) insert (los Jubilados; the Pensioners; son group)</subfield>
  </datafield>
</record>